<?xml version="1.0" encoding="UTF-8"?><collection xmlns="http://www.loc.gov/MARC21/slim"><record><leader>00520nam--2200169-u-4500</leader><controlfield tag="001">000056710</controlfield><controlfield tag="002">20161230</controlfield><controlfield tag="005">20161230201052</controlfield><controlfield tag="008">160418s1000------------r-----000-0-rum-d</controlfield><datafield ind1=" " ind2=" " tag="040"><subfield code="a">IFIN-HH</subfield></datafield><datafield ind1=" " ind2=" " tag="041"><subfield code="a">rum</subfield></datafield><datafield ind1="1" ind2=" " tag="100"><subfield code="a">Doia (Gheorghe), Petronela Simona</subfield></datafield><datafield ind1="1" ind2="0" tag="245"><subfield code="a">Neliniaritati optice in materiale micro-structurale</subfield><subfield code="b">Teza</subfield><subfield code="c">Petronela Simona Doia (Gheorghe)</subfield></datafield><datafield ind1=" " ind2=" " tag="260"><subfield code="a">Bucuresti</subfield><subfield code="b">Facultatea de Fizica</subfield><subfield code="c">2016</subfield></datafield><datafield ind1=" " ind2=" " tag="300"><subfield code="a">118 p</subfield></datafield><datafield ind1=" " ind2=" " tag="502"><subfield code="a">Conducator Stiintific: Acad. Prof. Ionel Valentin Vlad</subfield></datafield><datafield ind1=" " ind2=" " tag="852"><subfield code="a">82436</subfield></datafield></record></collection>